3720 5882
258 371 283 442 s
834 379 1099 472 ruarmo.

257 512 388 584 veteris
402 525 519 583 textus
537 513 643 606 graeci
664 511 769 603 vitia,
788 528 824 584 et
841 512 910 585 alia
929 512 1097 612 quaedam
1120 541 1161 588 cr
1187 520 1404 590 vertentium
1424 519 1563 590 incuria
1580 535 1685 607 nata,

257 631 414 729 plurima
435 631 596 729 denique
616 633 654 703 in
674 633 718 704 iis
734 631 920 705 vocabulis
937 634 1148 720 commissa,
1168 655 1249 729 quae
1267 633 1512 704 recentiorum
1529 632 1684 704 demum

257 747 468 818 criticorum
492 761 528 819 et
552 747 793 845 interpretum
813 747 971 821 sollertia
990 738 1177 847 explicuit.
1197 749 1237 818 ln
1260 746 1454 844 postremis
1478 747 1526 817 ita
1550 748 1685 818 versati
1809 833 1820 856 .

257 883 385 933 sumus
395 912 405 950 ‚
417 875 477 949 ut,
495 885 575 958 quae
589 861 819 933 dubitatione
833 886 953 934 carere
967 878 1003 935 et
1019 863 1132 934 firmis
1148 861 1215 932 niti
1230 861 1688 948 testimoniisviderentur‚

257 998 297 1046 ea
314 973 414 1046 baud
432 990 647 1047 cunctanter
665 992 1023 1074 repraesentaremus;
1049 991 1086 1047 at
1112 974 1177 1048 ubi
1201 973 1443 1047 dubitationis
1464 974 1603 1073 aliquid
1620 1001 1686 1046 su·

256 1103 435 1187 peresset,
468 1114 703 1186 sequeremur
727 1092 850 1188 potius
868 1093 1106 1189 antiquorum
1134 1091 1470 1188 interpretationem
1493 1115 1573 1164 eam
1599 1116 1686 1189 quae

256 1204 445 1276 sententiae
463 1205 650 1303 aptissima
671 1222 776 1278 essct.
799 1211 878 1279 Hoc
896 1222 1016 1279 antem
1037 1207 1235 1304 praesertim
1256 1206 1348 1277 enisi
1368 1230 1495 1277 sumus
1512 1221 1684 1304 utquam

256 1318 421 1414 proxime
440 1333 561 1416 posset
575 1319 686 1391 latina
700 1315 825 1417 lingua
840 1324 1050 1396 Graecorum
1072 1322 1221 1414 uestigia
1239 1319 1455 1416 legeremus,
1475 1346 1550 1418 qno
1566 1322 1685 1418 patris

256 1442 447 1538 poetarum
464 1431 628 1505 membra
640 1448 676 1506 et
694 1432 818 1507 molus
835 1443 982 1524 ombeS,
998 1440 1176 1532 quantuni
1195 1439 1260 1531 per
1276 1431 1424 1506 latinam
1442 1437 1578 1505 irestern
1595 1433 1685 1536 lice-

256 1541 336 1635 bat,
349 1542 603 1645 conspiciendi
615 1547 885 1647 praeberentur}
899 1542 963 1620 'sed
976 1549 1013 1619 in
1027 1545 1088 1619 tali
1101 1546 1248 1645 lncep'to
1264 1573 1339 1619 non
1354 1550 1474 1648 poluit
1490 1539 1683 1646 impediri,

255 1663 346 1759 quin
369 1660 549 1735 ‘nobnulla
572 1688 652 1762 quae
672 1659 855 1736 rarissime
877 1662 947 1735 'sibi
971 1657 1203 1735 indulserunt
1227 1659 1365 1754 Latini,
1388 1657 1467 1735 haec
1491 1663 1683 1736 translatio

255 1763 384 1848 ollemt
411 1765 724 1874 irequebtissime'3
751 1769 1061 1868 nonnullaetiam
1089 1803 1170 1877 quae
1191 1777 1395 1872 argenteam
1416 1773 1557 1850 aelatem
1579 1805 1683 1874 egre-

255 1887 421 1981 diuntur,
437 1893 547 1990 recipi
569 1909 716 1965 necesse
738 1905 813 1965 er'at
832 1921 840 1965 ε
860 1883 1061 1966 abar-baris
1085 1907 1203 1966 tamen
1232 1887 1350 1964 velbis
1369 1900 1405 1965 e't
1427 1890 1682 1967 locutionibus

254 2002 384 2079 sedulo
398 2009 571 2090 cavimus.
593 2001 660 2100 lta,
673 2007 857 2080 veteribus
871 2007 955 2080 licet
969 2003 1233 2107 superstionis,
1250 2007 1326 2079 b'aee
1340 2004 1591 2108 interpretatio
1605 2019 1681 2106 pro

254 2135 350 2193 nova
366 2147 443 2194 esse
459 2125 586 2222 possit.
968 2141 970 2144 ’
1155 2206 1159 2214 ,

301 2225 455 2336 llymnis
483 2252 518 2310 et
541 2225 870 2338 Epigrammatib'u's'
889 2239 1037 2310 Homeri
1063 2234 1213 2309 nontlne
1239 2237 1424 2336 inscriptis
1453 2233 1679 2335 subjecimus

255 2347 355 2446 Cycli
386 2354 479 2448 epici
504 2351 715 2452 fragmenta
747 2380 758 2423 .·
790 2353 828 2425 in
865 2353 1001 2451 quibus
1035 2354 1130 2425 varie
1161 2366 1319 2424 erratum
1354 2357 1452 2439 erat,
1480 2365 1678 2450 antequam

252 2467 289 2535 tt.
311 2463 355 2536 G.
374 2469 571 2538 Wmcssru
593 2465 761 2540 doctrina
785 2484 821 2540 et
846 2485 1036 2567 poetarum
1059 2481 1222 2540 veterum
1252 2468 1495 2566 mythicaeque
1516 2467 1678 2541 historiae

251 2580 414 2674 cognitio
442 2582 573 2654 eximia
596 2583 747 2681 Cyclum
770 2594 919 2682 quoque
945 2581 992 2654 ab
1019 2581 1123 2656 omni
1146 2595 1249 2679 parte
1269 2582 1485 2672 illustraret,
1513 2583 1550 2653 in
1579 2583 1677 2655 libro

250 2696 455 2788 germanice
482 2698 634 2796 scripto,
668 2695 793 2796 Cyclas
817 2701 938 2794 epicus
963 2703 1035 2768 sive
1052 2700 1233 2774 Homerici
1247 2705 1384 2796 procem,
1410 2701 1546 2770 nonnae
1573 2688 1675 2771 ¹835.

250 2805 305 2877 lbi
325 2807 447 2881 videas
469 2811 631 2909 exposita
653 2822 865 2906 argumenta
890 2810 1006 2882 nos'tri
1028 2813 1232 2886 carminum
1253 2827 1288 2885 et
1308 2807 1592 2910 fragmentorum
1616 2839 1676 2885 or·

251 2920 366 3012 dinis‚
381 2924 446 3021 qui
459 2919 568 3020 longe
587 2917 709 2996 differt
723 2951 744 2998 a
758 2926 882 3024 priore
898 2921 1123 3000 Collectione
1142 2933 1178 3002 C.
1197 2924 1240 3001 G.
1256 2921 1399 3001 Mulieri
1414 2929 1533 3028 (Lips.
1554 2931 1675 3027 1829);

251 3051 423 3134 praeterea
440 3037 522 3136 plns
536 3039 666 3135 viginti
682 3037 881 3135 fragmenta
897 3041 996 3138 apud
1018 3058 1085 3115 nos
1104 3037 1286 3133 invenias,
1303 3068 1385 3141 quae
1403 3045 1439 3114 in
1456 3041 1516 3115 illa
1532 3027 1677 3130 deside-

252 3164 389 3238 rantur.
405 3143 627 3224 Thebaidem
644 3177 686 3224 ex
705 3155 747 3223 Ε.
767 3158 804 3224 L.
821 3157 1015 3245 Leutsclrii,
1032 3161 1162 3257 Cypria
1178 3156 1338 3230 carmina
1352 3185 1395 3232 ex
1412 3162 1453 3230 R.
1471 3165 1503 3230 J.
1524 3160 1563 3230 F.
1581 3151 1677 3231 Hen-

251 3255 422 3336 riclzsenii
448 3263 737 3339 Collectionibus
764 3259 966 3366 (Gottingae
991 3255 1102 3362 1830,
1123 3286 1158 3343 et
1177 3263 1323 3344 llavniae
1342 3271 1449 3370 1828)
1479 3275 1675 3370 recognitis

251 3381 505 3479 expressimus.

300 3495 469 3591 Denique
481 3495 620 3568 indices
633 3496 846 3568 Homericos
864 3521 980 3593 quum
999 3500 1373 3598 circumspiceremus,
1393 3499 1536 3572 nullum
1550 3505 1675 3601 potui·

253 3634 333 3680 mus
350 3611 514 3682 invenire
531 3611 596 3708 qni
613 3599 748 3684 nostris
766 3609 894 3682 usibus
908 3597 1159 3709 responderet3
1175 3613 1274 3685 solus
1288 3616 1476 3688 Dammius
1491 3617 1528 3688 in
1544 3649 1561 3684 α
1573 3633 1675 3717 parte

252 3723 337 3795 reali
350 3756 366 3789 a
384 3711 481 3800 idern
498 3714 571 3796 lere
591 3725 700 3798 nobis
714 3722 911 3798 consilium
927 3737 1072 3799 secutus
1087 3741 1191 3799 erat':
1211 3742 1247 3800 at
1266 3738 1375 3827 quam
1393 3719 1581 3804 incondita
1595 3731 1674 3804 baec
1716 3717 1719 3724 ¹

252 3833 408 3943 larragol
432 3854 541 3946 quam
557 3825 676 3944 longis
694 3848 731 3912 et
753 3837 900 3915 insulsis
919 3837 1231 3938 disputationibus
1252 3845 1290 3915 in
1310 3845 1531 3918 immensum
1547 3845 1671 3919 aucta!

254 3948 516 4045 nibilominus,
537 3955 638 4052 quod
653 3956 691 4027 in
714 3967 813 4028 tanta
832 3955 929 4028 mole
945 3955 1158 4046 viteredas,
1178 3957 1311 4030 desunt
1332 3983 1612 4058 nonnumquam
1632 3987 1672 4032 ea

252 4070 329 4168 ipsa
347 4095 429 4167 quae
447 4071 484 4142 in
503 4071 625 4143 indice
643 4061 837 4144 Homerico
854 4083 1014 4168 quaeram
1037 4081 1207 4169 praet'ere'a
1232 4081 1288 4143 'res
1308 4074 1345 4144 in
1364 4068 1517 4170 llymnis
1538 4088 1575 4147 et
1594 4077 1674 4172 Epi·

248 4184 511 4278 grammatibus
538 4199 754 4257 memoratas
789 4184 960 4257 consulto
990 4187 1171 4258 duriscrat.
1197 4189 1288 4274 Quae
1315 4210 1429 4285 quum
1457 4183 1508 4261 ita
1533 4201 1672 4278 essent,

248 4322 399 4394 prorsus
424 4323 562 4371 novum
585 4300 745 4372 indicem
768 4315 842 4373 no'n
868 4305 948 4376 sinc
966 4328 1099 4399 magno
1115 4302 1238 4378 labore
1252 4306 1487 4379 condidimus
1502 4308 1589 4406 ipsi,
1611 4309 1671 4380 cni

249 4435 290 4482 ca
310 4436 459 4510 quoque
477 4413 610 4486 inserta
629 4414 725 4510 leges
740 4439 821 4512 qum
839 4442 881 4488 ex
898 4413 1009 4513 Cyclo
1028 4417 1136 4491 nobis
1154 4437 1290 4492 servata
1306 4437 1402 4493 sunt.

298 4525 492 4623 Reliquum
510 4543 579 4612 est,
612 4542 652 4598 ut
666 4533 735 4616 Tu,
761 4528 937 4603 benevole
963 4535 1102 4623 Lector,
1122 4557 1269 4631 operam
1292 4536 1381 4607 lruic
1405 4525 1584 4608 volumini
1605 4527 1672 4608 iin-

249 4662 399 4738 pensam
417 4666 522 4739 aequo
542 4643 666 4714 animo
685 4637 774 4715 boni
794 4643 972 4718 consulas.
990 4647 1077 4720 Vale
1096 4647 1278 4746 nobisque
1297 4647 1384 4720 lave.

329 4880 459 4953 Parisiis,
474 4876 570 4942 idibus
584 4883 762 4943 Octobribus
777 4903 992 4942 nooccxxxvrr.
