3716 5890
313 592 494 653 ΙΛΙΑΔΟΣ
520 594 556 652 ss.

26 747 67 788 siu
75 724 158 787 σδνδ
167 723 354 807 έταροιήειραν
364 721 484 796 ἐϋξέστην
494 722 535 783 ἐπ’
545 722 657 796 ἀπήνην,

79 812 205 900 ᾬμωξέν
215 812 237 872 τ’
248 811 289 893 ἀρ’
299 811 403 884 ἔπειτα,
413 810 487 893 φίλον
497 809 519 868 δ’
529 808 653 889 ὀνόμηνεν
662 814 773 893 ἑταῖρον·

122 901 171 973 Μή
181 925 240 980 μοι,
250 900 403 983 Πάτροκλε,
413 899 616 980 σκυδμαινέμεν,
627 899 657 959 αί
665 923 694 959 κε
704 898 803 972 πύθηαι

81 995 120 1052 εῖν
128 989 215 1058 Ἄϊδός
224 995 275 1071 περ
285 986 342 1062 ἐὼν,
352 987 392 1048 ότι
400 987 521 1070 Ἕκτορα
532 990 585 1048 δῖον
596 987 678 1047 ἐλυσα

79 1079 163 1162 πατρί
174 1078 249 1160 φίλῳ·
261 1077 317 1136 ἐπεὶ
326 1075 355 1136 οὐ
366 1101 410 1156 μοι
420 1078 509 1136 ἀεικέα
520 1078 601 1136 δῶκεν
613 1075 715 1138 ἀποινα.

26 1191 66 1230 sas
77 1169 126 1230 Σοὶ
137 1171 160 1227 δ’
171 1158 206 1227 αὐ
215 1164 266 1245 ἐγὼ
276 1167 321 1225 καί
329 1166 405 1225 τῶνδ’
417 1164 602 1244 ἀποδάσσομαι
612 1163 668 1224 ὅστ’
677 1163 801 1224 ἐπέοικεν.

121 1247 161 1315 Ἦ
172 1259 219 1337 φα,
228 1252 274 1314 καί
284 1257 309 1320 ἐς
318 1251 420 1325 κλισίην
431 1251 511 1311 πάλιν
520 1252 562 1325 ήῖε
573 1253 625 1321 δῖος
633 1250 774 1332 Ἀχιλλεύς.

80 1344 180 1412 Ἕζετο
189 1342 211 1402 δ’
221 1346 248 1402 ἐν
260 1343 363 1423 κλισμῷ
372 1339 571 1423 πολυδαιδάλῳ,
582 1339 652 1401 ἔνθεν
663 1339 772 1414 ἀνέστη,

80 1433 172 1513 τοίχου
182 1436 226 1490 τοῦ
238 1431 342 1513 ἑτέρου,
353 1429 414 1488 ποσί
424 1427 451 1488 δὲ
462 1428 584 1511 Πρίαμον
594 1429 661 1513 φάτο
672 1435 760 1508 μῦθον·

122 1519 186 1586 Υίδτ
196 1517 244 1598 μέν
254 1519 287 1592 δή
296 1542 337 1577 τοι
345 1515 466 1590 λέλυται,
477 1517 560 1599 γέρον,
570 1521 605 1584 ob<
615 1515 744 1591 ἐκέλευες,

24 1633 67 1671 ooo
81 1618 169 1670 κεῖται
180 1610 201 1668 δ’
213 1610 239 1666 ἐν
248 1605 376 1686 λεχέεσά·
386 1605 443 1684 ἅμα
455 1607 477 1664 δ’
488 1609 531 1678 ἠοῖ
540 1603 728 1688 φαινομένηφιν

80 1699 159 1780 ὄψεαι
169 1695 246 1763 αὐτὸς
255 1694 335 1774 ἄγων·
345 1699 390 1752 νῦν
400 1690 427 1752 δέ
438 1691 598 1772 μνησώμεθα
609 1691 713 1775 δόρπου.

79 1786 137 1846 Καί
146 1784 198 1866 γάρ
207 1784 230 1842 τ’
240 1778 354 1861 ἠύκομος
364 1780 449 1853 Νιόόη
460 1779 592 1858 ἐμνήσατο
602 1778 689 1854 σίτου,

80 1878 167 1954 τῇπερ
177 1871 278 1930 δώδεκα
288 1871 379 1936 παῖδες
389 1868 425 1927 ἐνί
436 1868 586 1950 μεγάροισιν
596 1866 700 1941 ὄλοντο,

80 1961 106 2030 ἐξ
118 1960 168 2038 μέν
178 1957 329 2040 θυγατέρες,
339 1955 365 2026 ἐξ
376 1959 398 2017 δ’
411 1955 477 2024 υῖέες
486 1954 624 2028 ήύώοντες.

25 2069 64 2108 ωε
77 2048 149 2116 Τοὺς
163 2047 211 2126 μὲν
220 2046 354 2107 Ἀπόλλων
363 2044 457 2128 πέφνεν
468 2044 512 2104 ἀπ’
523 2043 657 2127 ἀργυρέοιο
669 2049 748 2126 βιοῖο,

77 2134 214 2216 χωόμενος
223 2133 310 2213 Νιόύῃ
318 2180 326 2206 ,
335 2132 382 2201 rie
392 2134 413 2192 δ’
423 2131 545 2217 Ἄρτεμις
555 2131 689 2216 ἰοχέαιρα,

77 2223 165 2283 οὕνεκ’
176 2223 227 2304 οῖρα
238 2227 321 2295 Λητοῖ
331 2221 455 2280 ἰσάσκετο
464 2219 649 2303 καλλιπαρῄῳ·

77 2318 115 2395 φῆ
126 2310 191 2371 δοιὼ
200 2309 307 2384 τεκέειν,
317 2310 335 2381 ή
346 2311 368 2369 δ’
380 2308 447 2381 αὐτή
458 2308 563 2388 γείνατο
572 2307 692 2375 πολλούς·

75 2400 116 2460 τὼ
129 2403 153 2460 δ’
165 2400 231 2482 ἄρα,
242 2397 287 2458 κοιλ
297 2397 357 2457 δοιώ
367 2422 418 2479 περ
428 2396 503 2471 ἐόντ’,
514 2396 567 2455 ἀπὸ
576 2396 676 2464 πάντας
685 2395 805 2456 ὄλεσσαν.

24 2512 63 2550 sto
76 2492 114 2551 Οἱ
125 2487 174 2567 μὲν
185 2488 225 2571 ἀρ’
236 2491 351 2569 ἐννῆμαρ
362 2484 434 2545 κέατ’
445 2488 472 2544 ἐν
482 2482 564 2567 φόνῳ,
573 2483 634 2543 οὐδέ
641 2509 679 2551 τις
689 2475 734 2557 ήεν

76 2576 223 2658 κατθάψαι·
234 2574 314 2642 λαούς
323 2573 350 2633 δέ
360 2573 446 2641 λίθους
454 2572 550 2646 ποίησε
559 2571 688 2654 Κρονίων·

76 2664 139 2733 τούς
150 2664 173 2723 δ’
183 2663 276 2746 ἀρατῇ
287 2662 383 2743 δεκάτη
394 2660 480 2742 θάψαν
490 2658 542 2719 θεολ
552 2657 723 2742 Οὐρανίωνες.

77 2754 115 2815 Ἢ
125 2755 150 2812 δ’
161 2751 212 2835 ἀρα
224 2750 295 2811 σίτου
306 2749 429 2830 μνήσατ’,
439 2747 497 2808 ἐπεί
506 2745 576 2825 κάμε
586 2744 779 2829 δακρυχέουσα.

76 2845 136 2903 Νῦν
148 2840 177 2899 δέ
185 2864 236 2899 που
247 2842 273 2900 ἐν
282 2837 416 2922 πέτρῃσιν,
427 2840 453 2896 ἐν
464 2835 565 2918 οὔρεσιν
575 2833 740 2910 οίοπόλοισιν,

23 2953 62 2991 ωε
76 2934 106 2991 ἐν
119 2928 245 3011 Σιπύλῳ,
254 2927 294 2987 όθι
303 2927 367 3011 φασὶ
377 2925 460 2985 θεάων
472 2924 584 3003 ἔμμεναι
593 2922 668 2992 εὐνδς

76 3017 217 3102 νυμφάων,
228 3015 279 3076 αἵτ’
289 3019 355 3098 ἀμφ’
365 3011 502 3096 Ἀχελώϊον
513 3012 673 3096 ἐρρώσαντο,

78 3108 158 3180 ένθα,
167 3106 237 3172 λίθος
245 3129 295 3188 περ
305 3106 397 3177 ἐοῦσα,
407 3105 471 3163 θεῶν
484 3104 513 3161 ἐκ
522 3101 604 3174 κήδεα
615 3099 716 3159 πέσσει.

75 3196 150 3258 Ἀλλ’
162 3195 210 3274 ἄγε
221 3192 252 3266 δή
262 3193 307 3253 καί
316 3197 363 3252 νῶϊ
373 3190 526 3271 μεδώμεθα,
538 3191 576 3248 δῖε
585 3185 687 3272 γεραιέ,

77 3284 168 3358 σίτου,
179 3281 270 3343 έπειτά
279 3305 323 3340 κεν
333 3271 396 3339 αὐτε
406 3278 480 3362 φίλον
489 3279 573 3337 παῖδα
581 3276 733 3350 κλαίοισθα,

22 3396 62 3435 sao
74 3372 164 3435 Ἴλιον
173 3374 209 3439 είς
219 3369 334 3449 ἀγαγών·
344 3366 538 3449 πολυδάκρυτος
548 3365 576 3424 δέ
585 3389 627 3424 τοι
637 3363 719 3425 ἔσται.

115 3451 172 3532 Ἦ,
182 3457 228 3517 καί
238 3453 343 3526 ἀναΐξας
351 3455 390 3515 διν
400 3456 515 3537 ἄργυφον
525 3453 593 3521 ὠκύς
602 3451 812 3565 Ἀχγλλεύςήμον,

75 3547 168 3631 σφάξ’·
178 3545 266 3627 ἔταροι
276 3548 299 3604 δ’
312 3543 399 3627 ἔδερόν
409 3567 436 3602 τε
446 3542 492 3603 καί
502 3543 623 3624 ἄμφεπον
634 3566 662 3600 ευ
673 3539 741 3600 κατδι
751 3540 814 3600 κόσ-

76 3632 224 3716 μίστυλλύν
233 3635 256 3691 τ’
267 3631 308 3715 ἀρ’
316 3630 497 3710 ἐπισταμένως
505 3627 598 3712 πεῖράν
608 3629 630 3688 τ’
641 3628 780 3704 θόελοῖσιν,

74 3721 208 3795 ὤπτησάν
217 3744 246 3778 τε
255 3718 434 3802 περιφραδέως
443 3716 568 3800 ἐρύσαντό
577 3741 606 3776 τε
616 3715 712 3776 πάντα.

21 3833 61 3871 σεε
69 3808 233 3886 Αὐτομέδων
243 3808 264 3867 δ
275 3808 327 3889 ἄρα
337 3815 408 3865 σῖτον
418 3804 484 3865 ἐλὼν
494 3804 613 3883 ἐπένειμε
622 3804 739 3887 τραπέζῃ

74 3902 170 3965 καλοῖς
180 3901 207 3956 ἐν
217 3896 354 3956 κανέοισιν
366 3892 432 3977 ἀτάρ
442 3892 506 3976 κρέα
515 3901 602 3971 νεῖμεν
612 3893 754 3973 Ἀχιλλεύς.

75 3990 113 4048 Οί
124 3987 148 4044 δ’
160 3985 202 4043 ἐπ’
213 3983 306 4042 ὀνείαθ’
319 3986 412 4062 ἑτοῖμα
421 3979 582 4064 προκείμενα
591 3990 684 4064 χεῖρας
692 3982 791 4041 ἴαλλον.

75 4072 173 4155 Αὐτὰρ
183 4072 240 4132 ἐπεῖ
249 4068 339 4137 πόσιος
348 4069 394 4129 καί
404 4068 511 4142 ἐδητύος
519 4069 565 4128 καῖ
575 4068 632 4152 έρον
643 4068 713 4142 έντο,

73 4163 136 4235 ήτοι
147 4159 312 4243 Δαρδανίδης
321 4157 443 4240 Πρίαμος
452 4154 564 4235 θαύμαζ’
574 4157 699 4237 Ἀχιλῆα,

15 4273 57 4311 oso
72 4250 155 4317 ὅσσος
167 4247 222 4322 έην,
233 4238 285 4316 οἷός
293 4270 330 4306 τε·
341 4253 421 4306 θεοῖσι
430 4244 481 4327 γδιρ
492 4245 556 4304 ἀντα
567 4244 652 4327 ἐῴκει.

70 4337 169 4420 Αὐτδιρ
178 4341 193 4396 δ
202 4336 368 4418 Δαρδανίδην
378 4332 502 4416 Πρίαμον
512 4332 644 4410 θαύμαζεν
654 4331 801 4413 Ἀχιλλεύς,

72 4423 199 4507 εἰςορόων
208 4424 267 4506 dbis
278 4427 301 4483 τ’
313 4421 414 4504 ἀγαθήν
423 4423 469 4480 καί
479 4425 558 4499 μῦθον
570 4419 679 4478 ἀκούων.

72 4513 171 4594 Αὐτδιρ
182 4513 240 4572 ἐπεῖ
248 4511 388 4595 τάρπησαν
397 4515 422 4578 ές
432 4508 560 4582 ἀλλήλους
570 4505 706 4590 ὁρόωντες,

71 4603 120 4662 τδν
130 4598 257 4683 πρότερος
267 4599 400 4683 προςέειπε
409 4597 491 4681 γέρων
501 4594 622 4678 Πρίαμος
632 4593 752 4666 θεοειδής·

14 4716 54 4751 aas
117 4687 202 4759 Λέξον
212 4695 256 4747 νῦν
267 4712 300 4766 με
310 4686 434 4768 τάχιστα,
444 4682 596 4767 Διοτρεφές,
606 4682 674 4766 ὄφρα
684 4707 729 4742 κεν
740 4684 790 4757 ἤδη

71 4779 153 4860 ὐπνῳ
164 4776 215 4835 ὐπο
225 4778 343 4858 γλυκερῷ
355 4773 517 4857 ταρπώμεθα
527 4770 702 4851 κοιμηθέντες.

68 4869 116 4929 Οὐ
125 4865 180 4948 γάρ
189 4889 233 4923 πω
244 4865 331 4943 μύσαν
341 4863 402 4923 ὄσσε
413 4861 464 4922 ὑπὸ
476 4861 643 4945 βλεφάροισιν
653 4864 763 4940 ἐμοῖσιν,

69 4956 101 5025 ἐξ
112 4946 143 5014 οὐ
155 4959 203 5034 σῇς
213 4951 264 5011 ὓπδ
273 4953 363 5034 χερσὶν
373 4950 434 5029 ἐμὸς
442 4959 504 5018 παῖς
513 4950 594 5009 ὤλεσε
605 4949 671 5027 θυμό
688 4973 694 4987 ·

69 5047 136 5106 ἀλλ’
148 5043 202 5103 αἰεί
212 5039 332 5122 στενάχω
341 5040 387 5099 καῖ
396 5040 479 5112 κήδεα
491 5038 572 5122 μυρία
581 5037 686 5113 πέσσω,

11 5156 53 5195 oto
69 5136 161 5204 αὐλῆς
171 5135 199 5190 ἐν
208 5127 326 5213 χόρτοισι
336 5127 517 5207 κυλινδόμενος
526 5127 595 5188 κατδ
604 5125 656 5187 xia
673 5150 709 5186 ον.

67 5225 134 5284 Νῦν
144 5218 177 5291 δή
188 5216 234 5277 καί
244 5217 316 5277 σίτου
327 5216 463 5296 πασάμην,
473 5216 519 5275 καί
530 5214 626 5275 αἴθοπα
637 5150 704 5274 σίνον

67 5307 223 5382 λαυκανίης
232 5304 359 5379 καθέηκα·
369 5304 451 5388 πάρος
459 5329 489 5386 γε
500 5302 547 5383 μέν
559 5303 614 5364 οὐτε
623 5302 776 5381 πεπάσμην.

117 5387 158 5457 Ἦ
170 5398 203 5479 ρ’,
218 5390 336 5475 Ἀχιλεὺς
346 5394 368 5451 δ’
379 5392 506 5474 ἑτάροισιν
516 5390 554 5451 ίδέ
564 5393 669 5474 δμωῇσι
679 5392 808 5465 κέλευσεν,

1076 601 1247 664 insanis
1274 561 1394 669 xurv.

857 725 976 788 simulque
985 728 1043 785 socii
1050 727 1173 782 elevarunt
1182 732 1349 798 bene-politam
1359 738 1383 789 in
1392 740 1500 793 rhodam.

856 813 1640 888 Ingemuitautamdeiude‚dilectumquenomineoiebatsodsiem:

888 905 923 952 Ne
932 902 1005 965 mihi,
1015 905 1136 966 Patrocle,
1146 907 1267 970 irascaris,
1277 914 1298 961 si
1306 912 1365 964 torte
1375 915 1508 981 audiveris,

857 992 883 1040 in
892 991 1018 1041 Orsodeet
1032 992 1080 1054 sis,
1096 1005 1135 1043 me
1152 997 1279 1047 tieotorem
1293 999 1402 1051 divinum
1418 1004 1642 1059 redemtum-reddi·

857 1078 931 1143 disse]
940 1080 1002 1143 patri
1010 1093 1066 1131 earo
1072 1098 1080 1143 ;
1091 1083 1180 1148 quippe
1189 1098 1238 1134 non
1248 1087 1307 1137 mibi
1315 1088 1426 1140 indecora
1435 1091 1501 1142 dedit
1510 1094 1580 1146 dona.

857 1168 912 1218 Tibi
920 1180 979 1219 vero
988 1182 1031 1233 ego
1040 1171 1116 1220 subis
1125 1171 1197 1222 stiam
1206 1173 1357 1237 impertiam,
1367 1183 1457 1240 quauta
1465 1186 1563 1242 psrest.

888 1255 969 1318 Dixit,
979 1262 1004 1307 et
1013 1257 1038 1307 in
1047 1260 1176 1310 tentorium
1185 1262 1256 1313 rediit
1265 1263 1362 1314 divium
1372 1265 1483 1317 Aoirillss.

1582 626 1636 678 291

857 1344 956 1394 desedit
965 1350 1046 1396 autem
1055 1346 1080 1396 ln
1090 1348 1148 1398 sella
1158 1349 1333 1415 utiabra-iacta,
1342 1353 1406 1404 unde
1415 1361 1564 1416 surrexerat,

856 1433 946 1496 pariete
952 1447 983 1484 ex
992 1434 1107 1498 adverso,
1117 1440 1141 1487 st
1151 1436 1273 1488 Priamum
1281 1439 1447 1492 adsensus-est
1456 1457 1565 1496 sermone
1575 1461 1582 1494 ε

888 1521 963 1572 Filius
972 1522 1070 1586 quidem
1078 1522 1128 1586 iam
1138 1525 1182 1575 tibi
1191 1527 1373 1590 redemtus-est,
1383 1543 1456 1582 senex
1465 1568 1472 1593 ‚
1482 1537 1510 1582 ut
1516 1532 1611 1594 iussisti
1621 1552 1627 1584 :

855 1608 920 1670 jacet
929 1614 1010 1660 autem
1018 1612 1042 1660 in
1051 1612 1133 1677 lectis,
1142 1616 1166 1663 et
1175 1627 1232 1664 oum
1241 1629 1327 1665 aurora
1335 1623 1464 1682 apparente

856 1697 951 1748 ridebis
961 1698 1013 1762 ipse
1021 1700 1144 1752 abduosns
1153 1715 1160 1750 τ
1169 1716 1300 1754 nunonem
1309 1707 1513 1759 memorassimus
1522 1723 1606 1761 omnm.

856 1788 917 1835 Nam
926 1790 951 1836 et
960 1787 1133 1851 mmisputcris
1143 1789 1218 1840 Niobe
1225 1791 1373 1843 memor-tuit
1382 1793 1443 1857 cibi,

855 1875 988 1926 eui-tamen
997 1875 1125 1927 duodecim
1133 1878 1202 1929 liberi
1211 1879 1236 1928 in
1245 1880 1339 1931 mdibns
1348 1882 1480 1945 perierant,

856 1975 899 2013 sex
909 1963 1007 2026 quidem
1016 1964 1086 2027 tiliae,
1096 1979 1139 2018 sex
1149 1972 1229 2017 autern
1238 1967 1280 2018 filii
1290 1969 1456 2032 pubescentes.

856 2054 907 2102 Hos
916 2052 1014 2114 quidem
1024 2053 1108 2116 apollo
1115 2055 1235 2106 interiecit
1243 2055 1274 2106 ab
1284 2062 1396 2120 argenteo
1405 2071 1495 2120 nervo,

856 2140 930 2190 iratus
940 2141 1037 2203 Niobae,
1047 2142 1099 2192 illas
1108 2148 1190 2194 autern
1197 2145 1273 2195 Diana
1283 2146 1506 2210 sagittisqaudans,

855 2227 968 2291 quoniam
975 2232 1072 2280 Latonas
1082 2244 1108 2281 se
1117 2232 1281 2296 aequiparabat
1290 2234 1455 2298 genispuierns
1465 2250 1472 2285 :

855 2316 917 2367 dixit
926 2318 1004 2367 ittam
1012 2318 1074 2368 duos
1085 2319 1219 2383 peperisse,
1229 2323 1282 2385 ipsa
1290 2335 1349 2372 nero
1359 2329 1483 2386 pepererat
1494 2326 1601 2376 nunitos:

855 2403 889 2453 illi
896 2409 991 2466 numm,
1001 2405 1040 2456 vei
1050 2406 1099 2457 duo
1110 2411 1214 2458 tontum
1223 2409 1279 2459 licet
1289 2415 1384 2473 essent,
1394 2425 1478 2462 omnes
1487 2413 1621 2476 perdidere.

855 2492 885 2541 Hi
895 2492 992 2556 quidem
1000 2494 1151 2545 novemdies
1158 2495 1270 2557 jaeebunt
1279 2496 1384 2557 incede,
1394 2511 1439 2548 nec
1448 2499 1575 2563 quisquam
1582 2507 1643 2563 erat,

856 2580 1019 2645 qui-sepeliret
1029 2598 1035 2631 :
1044 2584 1148 2645 populos
1157 2583 1221 2634 enim
1228 2583 1321 2648 iapidss
1331 2585 1418 2635 iecerat
1427 2589 1553 2638 saturnius
1564 2603 1571 2636 :

855 2683 897 2720 eos
906 2674 986 2720 autem
996 2669 1138 2722 decima-die
1145 2671 1290 2735 sepelierunt
1299 2673 1331 2723 dii
1342 2674 1441 2724 ooelites.

855 2761 911 2820 ipsa
920 2769 978 2807 vero
987 2757 1035 2808 cibi
1045 2759 1304 2823 memor-fuitquando
1310 2761 1643 2823 fatigata-eratinerimasdun

855 2844 936 2909 dens]
945 2849 1015 2896 Nune
1024 2859 1081 2896 vero
1091 2847 1178 2897 alicubi
1187 2847 1212 2896 in
1222 2848 1310 2911 petris,
1320 2848 1345 2898 in
1356 2849 1480 2900 montibus
1488 2850 1604 2912 desertis,

856 2933 880 2983 in
889 2933 984 2997 Sipylo,
993 2933 1035 2984 ubi
1045 2933 1112 2984 aiunt
1120 2934 1221 2985 dearum
1230 2948 1284 2986 esse
1293 2936 1381 2986 cubilia

855 3011 1642 3091 Nympharum,qumoiroaaobeloiurflmovebantur(saltabunt),

856 3111 917 3172 iiiia,
927 3111 987 3175 lapis
996 3110 1051 3162 iicet
1062 3112 1108 3174 sit,
1118 3112 1189 3161 adiis
1198 3115 1325 3162 immissos
1334 3111 1428 3164 dolores
1437 3115 1572 3178 eonooqnit

855 3199 903 3250 sed
912 3212 954 3262 age
961 3199 1043 3262 iamet
1052 3213 1097 3250 nos
1105 3213 1323 3263 euramgeramns,
1332 3200 1414 3251 divine
1423 3214 1511 3264 senex,

855 3286 917 3349 eibi,
925 3287 1011 3337 deinde
1020 3301 1079 3338 roro
1088 3302 1172 3338 rursus
1181 3288 1296 3339 dileotnrn
1305 3288 1381 3339 tilium
1389 3289 1494 3352 dedens,

856 3376 880 3425 in
889 3374 960 3427 Ilium
969 3380 1068 3425 rectum
1079 3392 1085 3424 :
1095 3388 1123 3425 ao
1133 3376 1525 3441 multis-lacrimis-prosequsndus
1537 3378 1579 3428 tibi
1588 3380 1641 3430 erit.

886 3463 962 3526 Dixit,
968 3464 1413 3528 etproperesnrgensorsmeandidnm
1420 3466 1491 3517 velox
1497 3467 1601 3517 Achilles

857 3553 983 3603 mactarit:
992 3553 1050 3603 socii
1056 3566 1115 3603 nero
1121 3553 1324 3616 excoriaruntque
1331 3559 1355 3604 et
1364 3559 1479 3604 curarunt
1487 3554 1561 3615 bens,
1570 3555 1642 3606 utdo

856 3640 946 3704 nebat,]
956 3640 1280 3704 minutatimque-senuerunt
1290 3641 1373 3703 perite,
1388 3642 1543 3707 verubusque
1552 3645 1643 3693 transtr-

856 3728 935 3793 xere,]
944 3732 1102 3792 assaruntqus
1111 3733 1235 3788 accurate,
1247 3733 1451 3792 extraxeruntque
1461 3733 1517 3792 tunt
1528 3731 1616 3781 omnia.

856 3816 1006 3868 Automedon
1014 3821 1095 3866 autem
1104 3829 1191 3879 panem
1201 3821 1307 3865 sumtum
1317 3815 1438 3866 distribuit
1448 3817 1565 3868 inmensa

855 3905 947 3968 puion‘s
956 3905 981 3954 in
990 3903 1101 3954 canistris
1112 3918 1118 3951 :
1130 3908 1245 3953 atoarnes
1255 3902 1378 3952 distribuit
1387 3903 1498 3954 debiles.

855 3993 904 4057 ipsi
914 4006 971 4042 vero
978 3990 1009 4041 ad
1018 3992 1085 4041 cibos
1094 3995 1190 4054 paratos
1199 3990 1322 4054 appositos
1331 4003 1417 4039 manus
1425 3991 1586 4055 porrigebant.

855 4086 890 4133 Aa
899 4083 1026 4143 postquam
1036 4082 1107 4145 potus
1117 4082 1141 4128 et
1150 4077 1197 4128 cibi
1207 4075 1353 4128 desidorium
1362 4084 1514 4143 exemerant,

855 4166 1003 4219 Dardanides
1012 4166 1111 4229 quidem
1120 4166 1230 4217 Priamus
1239 4164 1403 4216 admirabatur
1411 4166 1541 4228 intriberis,

854 4258 960 4319 quantus
969 4258 1034 4315 erat,
1044 4253 1170 4319 qualisque
1181 4269 1187 4303 ι
1198 4253 1245 4304 diis
1254 4253 1318 4304 enim
1327 4267 1408 4303 eoram
1418 4253 1570 4304 sinaitiserat.

855 4347 886 4394 ut
895 4342 1046 4392 Dardanidsn
1055 4342 1177 4393 Pramum
1186 4342 1348 4393 admirabatur
1355 4341 1471 4404 achibas,

855 4430 972 4495 aspiciens
982 4430 1112 4494 vultusque
1121 4431 1239 4495 egregios,
1249 4435 1273 4481 et
1283 4444 1418 4481 sermonem
1427 4430 1536 4480 audiens.

856 4524 889 4570 λο
899 4521 1027 4583 postquam
1037 4519 1182 4570 satiati-sunt
1190 4518 1357 4570 alter-alterins
1365 4523 1478 4583 aspectu,

855 4599 923 4658 ilium
932 4608 996 4672 prior
1006 4607 1170 4658 allocutusest
1180 4622 1252 4659 senen
1264 4608 1374 4658 Priamus
1383 4606 1523 4657 doosimitis
1535 4621 1541 4654 :

885 4696 954 4747 biitte
963 4696 1144 4747 nunocubitum
1154 4710 1193 4746 me
1207 4696 1405 4759 quam-primum,
1415 4695 1602 4755 torisalumns,
1612 4700 1640 4743 ut

852 4784 911 4848 jam]
923 4798 1008 4835 mnino
1018 4784 1063 4834 sub
1073 4784 1136 4834 dulci
1145 4783 1293 4834 obtestemur
1304 4783 1383 4847 sopiti.

854 4872 966 4923 Nondum
977 4872 1042 4922 enim
1051 4872 1193 4922 clausi-sunt
1202 4871 1264 4922 oouii
1274 4870 1320 4921 sub
1327 4870 1446 4935 palpebris
1455 4870 1529 4931 meis,

853 4977 883 5013 er
893 4976 943 5026 quo
952 4963 1000 5011 tuis
1006 4960 1052 5010 sub
1061 4960 1173 5010 manibus
1179 4973 1248 5010 mens
1257 4958 1321 5009 silius
1327 4959 1408 5010 amisit
1417 4959 1521 5009 animans
1534 4974 1540 5006 ι

854 5050 897 5102 sed
906 5049 1003 5100 assidue
1011 5049 1142 5112 ingemiseo
1151 5054 1175 5099 et
1183 5048 1278 5099 dolores
1288 5048 1472 5099 innumerabiles
1481 5058 1616 5110 oonooquo‚

853 5140 914 5191 aulae
924 5140 948 5189 in
958 5138 1033 5202 septis
1042 5137 1165 5188 volutatus
1174 5151 1217 5201 per
1225 5137 1318 5188 simum.

852 5233 922 5280 Nunc
930 5227 1027 5277 mndem
1038 5226 1111 5277 etlam
1120 5225 1201 5276 cibum
1211 5226 1320 5289 gustari,
1330 5230 1354 5276 et
1364 5225 1458 5287 nigrum
1468 5224 1552 5272 vinum

851 5319 984 5382 per-guttur
991 5313 1076 5365 denisi
1086 5328 1093 5362 ι
1103 5318 1173 5365 antea
1182 5327 1239 5364 sane
1248 5327 1397 5378 nequaquam
1407 5316 1565 5374 gnsmrerarn

883 5404 949 5456 Dixit
960 5418 965 5452 :
976 5402 1082 5454 somnes
1089 5415 1147 5453 vero
1156 5403 1235 5453 socios
1244 5406 1269 5453 et
1277 5401 1375 5450 ancillas
1382 5398 1455 5461 iussit

1511 5486 1541 5525 rs.
