3720 5882
227 393 246 410 u
280 393 1600 422 mmanmmu-nannnnuunmwmmmflum··numentanam-mununaunt-nunu·sumum·

614 716 1174 859 euaristo.
1294 771 1297 778 ·

668 1068 1100 1105 ——v-OOOQ--u

181 1355 380 1480 lncarruu
399 1426 587 1502 nostrum,
611 1436 687 1510 quo
707 1413 817 1514 primi
844 1414 883 1485 in
910 1413 1027 1490 Gallia
1050 1417 1194 1486 Graecos
1212 1415 1408 1512 scriptores
1427 1415 1467 1485 in
1491 1414 1601 1485 unius

177 1522 343 1618 corporis
364 1525 647 1622 aequabilitatem
676 1527 837 1626 redigere
860 1529 1014 1626 aggressi
1038 1553 1185 1618 sumus,
1217 1527 1537 1600 commendatione
1567 1541 1603 1598 et

178 1633 275 1704 notis
288 1635 543 1731 prelationum
557 1639 698 1714 artibus
710 1665 812 1736 egere
825 1666 902 1714 non
916 1643 1083 1735 videtnr3
1101 1642 1166 1716 sed
1180 1644 1307 1741 paucis
1316 1642 1515 1716 dicendum
1530 1655 1602 1730 est,

178 1747 278 1819 unde
299 1774 341 1822 ea
354 1777 467 1850 quam
484 1753 659 1850 elegimus
677 1754 812 1834 edendi
830 1756 923 1828 ratio
944 1757 1113 1858 pendeat.
1130 1756 1280 1836 Dudum
1296 1779 1387 1850 aegre
1404 1754 1603 1826 tuleramus

176 1862 277 1958 quod
294 1879 349 1937 tot
367 1868 589 1966 scriptorum
607 1868 790 1942 editiones
802 1869 986 1948 veteribus
1000 1871 1199 1972 inquinatae
1216 1870 1315 1942 vitiis
1328 1868 1438 1966 vulgo
1450 1869 1604 1940 circum·

178 1973 359 2052 ferrentur
384 1995 494 2080 atque
516 1982 608 2058 adeo
631 1985 762 2084 saepius
785 1998 1049 2090 repeterentur,
1068 1984 1157 2056 dum
1182 1998 1364 2060 exstarent
1387 1981 1601 2058 eorumdem

177 2091 402 2190 scriptorum
424 2095 626 2170 emendatae
650 2112 686 2170 et
708 2124 730 2172 a
755 2098 909 2170 summis
936 2099 1070 2172 criticis
1093 2100 1248 2198 antiquo
1269 2097 1382 2176 nitori
1405 2097 1599 2173 restitutae:

177 2231 303 2280 annon
327 2209 493 2306 oportuit
514 2209 663 2282 illorum
687 2214 943 2310 ingeniorum,
965 2239 1046 2313 quae
1067 2214 1199 2313 optimi
1220 2214 1359 2312 quique
1383 2212 1601 2288 nostratium

178 2320 348 2394 laudibus
362 2338 397 2395 et
412 2324 616 2397 imitatione
635 2325 882 2420 celebrarunt,
901 2353 1012 2435 opera
1030 2328 1270 2432 popularibus
1290 2328 1424 2402 nostris
1440 2326 1603 2406 exhiberi

178 2460 290 2534 pura,
306 2439 514 2530 emendata,
536 2455 717 2537 quantum
741 2442 819 2519 lieri
840 2458 961 2544 potest
978 2431 1132 2518 liberaa
1152 2443 1410 2544 depravatione
1430 2441 1603 2516 barbarie

178 2579 289 2653 quam
313 2557 550 2630 transierant?
574 2563 652 2632 Hoc
672 2560 783 2658 igitur
800 2563 963 2662 primum
983 2574 1020 2633 et
1040 2559 1224 2659 praecipue
1247 2583 1437 2647 curamus,
1461 2573 1502 2631 ut
1525 2583 1601 2628 non

178 2670 299 2742 solurn
319 2697 362 2744 ex
381 2673 531 2769 optimis
553 2699 635 2772 quae
658 2691 800 2748 exstant
821 2675 1048 2753 editionibus
1066 2674 1287 2774 scriptorum
1304 2673 1461 2770 quisque
1484 2673 1602 2771 expri-

181 2801 312 2875 matur,
330 2786 395 2858 sed
410 2786 542 2860 harum
559 2790 668 2862 etiam
688 2791 821 2864 multas
838 2791 973 2864 criticis
992 2787 1235 2864 celeberrimis
1252 2785 1468 2860 tradidimus
1480 2786 1603 2859 denuo

180 2900 438 2973 examinandas
449 2917 486 2974 et
497 2904 759 2992 emendandas;
779 2920 970 3003 praeterea,
995 2901 1221 2998 ubicumque
1238 2925 1295 2977 res
1315 2899 1462 2978 videtur
1479 2915 1601 3006 postu·

180 3012 264 3104 lare,
275 3015 393 3112 Regiae
405 3016 638 3090 Bibliothecae
649 3021 918 3118 manuscriptos
933 3019 1028 3090 imus
1045 3016 1268 3089 consultum.
1291 3016 1406 3090 Altera
1426 3040 1512 3087 cura
1530 3029 1604 3105 est,

182 3143 221 3200 ut
238 3128 285 3199 ad
304 3130 580 3230 intelligentiam
604 3158 754 3232 quoque
776 3133 996 3230 scriptorum
1015 3130 1053 3201 in
1073 3129 1297 3202 Collectione
1317 3143 1440 3200 nostra
1462 3143 1605 3227 praeste-

180 3267 262 3314 mus
280 3243 383 3340 quod
397 3246 515 3343 prosit.
534 3247 734 3346 unicuique
753 3274 761 3319 ε
781 3271 898 3346 quum
912 3245 1012 3319 enim
1026 3244 1214 3318 adnotatio
1232 3244 1289 3316 vel
1307 3244 1604 3344 praestantissima

182 3382 224 3429 ex
249 3357 401 3431 arbitrio
422 3359 585 3458 denique
610 3362 767 3460 pendeat
793 3361 1114 3448 commentatoris,
1133 3358 1193 3430 cui
1211 3357 1319 3457 plana
1335 3383 1605 3456 nonnunquam

181 3471 404 3546 videbuntur
425 3500 505 3574 quae
526 3477 606 3550 aliis
628 3475 802 3568 obscura,
823 3477 1130 3574 interpretationes
1154 3472 1287 3544 laum
1309 3496 1330 3543 e
1354 3473 1504 3570 regione
1521 3497 1606 3568 grae-

181 3612 308 3660 corum
327 3614 464 3686 ponere
486 3591 734 3683 decrevimus,
756 3607 884 3692 utpote
911 3615 992 3690 quae
1016 3613 1166 3687 prorsus
1184 3587 1310 3660 omnia
1327 3586 1501 3678 reddant,
1528 3612 1603 3659 non

180 3699 282 3773 locos
304 3702 456 3776 selectos
488 3705 682 3778 illustrent.
713 3711 785 3779 Has
812 3732 918 3797 vero,
950 3719 1145 3802 antequam
1171 3703 1361 3775 tradantur
1387 3700 1604 3801 typothetis,

181 3816 384 3890 doctissimi
402 3819 469 3892 viri
487 3844 613 3910 severo
627 3822 787 3894 examini
805 3820 985 3918 subjectas
1001 3831 1167 3889 accurate
1185 3816 1391 3910 corrigunt3
1410 3814 1607 3886 nonnullo-

183 3957 262 4002 rum
286 3934 510 4034 scriptorum
528 3936 637 4034 plane
656 3962 759 4010 novae
778 3950 963 4040 parantur.
985 3935 1155 4029 Denique
1176 3928 1336 4001 multum
1360 3928 1482 4026 augeri
1499 3942 1605 4026 puta·

182 4047 300 4120 vimus
327 4048 534 4122 editionum
565 4068 771 4126 nostrarum
799 4051 1019 4139 utilitatem,
1046 4048 1076 4120 si
1098 4046 1191 4120 boni
1217 4069 1333 4117 rerum
1355 4045 1604 4142 nominumque

181 4159 316 4232 indices
328 4160 569 4254 adderentur,
599 4187 683 4236 nam
700 4163 756 4240 vel
774 4165 802 4237 ii
819 4164 883 4262 qui
903 4163 1118 4262 scriptorem
1132 4162 1292 4259 aliquem
1310 4183 1401 4260 saepe
1419 4159 1603 4256 legerunt,

183 4298 451 4373 nonnunquam
470 4276 569 4350 haud
588 4279 674 4350 satis
695 4279 893 4352 meminere
918 4303 993 4375 quo
1017 4279 1056 4351 in
1076 4276 1173 4350 libro
1193 4276 1271 4374 ejus
1288 4300 1409 4376 quove
1424 4299 1529 4347 versu
1551 4272 1607 4346 vel

181 4389 300 4488 capite
328 4407 496 4464 narretur
526 4417 583 4464 res
612 4417 685 4490 qua
710 4419 804 4492 opus
835 4393 986 4466 babent.
1015 4395 1185 4466 Ceterum
1215 4391 1261 4465 de
1291 4416 1377 4465 cura
1408 4390 1607 4489 unicuique

181 4506 351 4604 scriptori
367 4506 533 4608 impensa
547 4505 723 4580 referetur
739 4509 776 4580 in
792 4507 1077 4608 prefationibus.

229 4623 395 4708 Housar,
415 4636 458 4693 ut
473 4645 575 4693 nunc
591 4645 647 4693 res
667 4637 772 4712 sunt,
803 4624 985 4718 Wolfiana
1006 4623 1083 4696 dari
1106 4623 1262 4696 debebat
1286 4623 1469 4710 recensi0,
1496 4645 1606 4720 quam

182 4757 223 4804 ex
245 4735 420 4807 Gulielmi
442 4735 627 4809 Diodorlii
649 4737 811 4810 editione
829 4754 994 4810 accurate
1013 4739 1267 4836 expressimus.
1290 4736 1609 4835 Interpretationes

182 4845 322 4937 latinae,
343 4847 445 4922 bono
460 4865 500 4920 ut
518 4849 625 4922 nobis
638 4849 784 4923 videtur
796 4852 973 4940 consilio,
990 4853 1029 4924 in
1044 4852 1118 4924 boc
1133 4853 1390 4951 antiquissimo
1407 4868 1513 4952 poeta
1529 4878 1609 4924 ver-

182 4960 272 5034 bum
283 4962 397 5035 verbo
410 4961 568 5036 reddunt
579 5019 590 5055 ,
601 4966 670 5036 nisi
684 4965 785 5063 quod
801 4990 897 5063 saepe
910 4981 1049 5038 comtas
1059 4966 1305 5065 posteriorum
1318 4991 1419 5038 more
1434 4967 1606 5065 periodos

184 5076 372 5175 ingerunt,
390 5079 690 5176 oppositionibus
704 5081 938 5170 distinentes,
960 5080 1166 5153 causalibus
1186 5082 1373 5180 particulis
1393 5083 1609 5174 vincientes,

182 5217 262 5289 quar
278 5192 376 5291 apud
397 5194 499 5266 illurn
524 5197 681 5290 ingenue
704 5211 740 5267 et
758 5195 871 5267 libere
895 5195 1110 5292 procedunt.
1133 5202 1302 5269 Praeterea
1322 5197 1409 5294 ipsis
1429 5197 1605 5268 inhaerent
